@article{abel2020leibniz,
  title={Leibniz equality is isomorphic to Martin-L{\"o}f identity, parametrically},
  author={Abel, Andreas and Cockx, Jesper and Devriese, Dominique and Timany, Amin and Wadler, Philip},
  journal={Journal of Functional Programming},
  volume={30},
  year={2020},
  publisher={Cambridge University Press}
}
@inproceedings{danielsson2020higher,
  title={Higher Inductive Type Eliminators Without Paths},
  author={Danielsson, Nils Anders},
  booktitle={25th International Conference on Types for Proofs and Programs (TYPES 2019)},
  year={2020},
  organization={Schloss Dagstuhl-Leibniz-Zentrum f{\"u}r Informatik}
}
@article{botta2020extensional,
  title={Extensional equality preservation and verified generic programming},
  author={Botta, Nicola and Brede, Nuria and Jansson, Patrik and Richter, Tim},
  journal={arXiv preprint arXiv:2008.02123},
  year={2020}
}
@article{vezzosi2021cubical,
  title={Cubical Agda: a dependently typed programming language with univalence and higher inductive types},
  author={Vezzosi, Andrea and M{\"o}rtberg, Anders and Abel, Andreas},
  journal={Journal of Functional Programming},
  volume={31},
  year={2021},
  publisher={Cambridge University Press}
}
